@article{article_example,
  author  = {作者},
  title   = {题目},
  journal = {刊名（全称）},
  year    = {年},
  number  = {卷},
  volume  = {期},
  pages   = {页码}
}

@inproceedings{inproceedings_example,
  author    = {作者},
  title     = {文章题目},
  booktitle = {Proceedings of the ... （会议名称）},
  address   = {会议召开城市, 会议召开城市所在国家},
  year      = {年},
  pages     = {页码}
}

@incollection{incollection_example,
  author    = {作者},
  title     = {文章题目},
  editor    = {编者},
  booktitle = {文集标题},
  address   = {出版地},
  publisher = {出版社},
  year      = {出版年},
  pages     = {页码}
}

@book{book_example,
  author    = {作者},
  title     = {书名},
  edition   = {版次（初版不写）},
  address   = {出版社地点},
  publisher = {出版社},
  year      = {出版年}
}

@patent{patent_example,
  author = {专利拥有人},
  title  = {专利名称, 专利授权国家},
  date   = {专利授权日期}
}


@phdthesis{Li:13,
  author  = {李正华},
  title   = {汉语依存句法分析关键技术研究},
  school  = {哈尔滨工业大学},
  year    = {2013}
}

@techreport{De:08,
  author      = {Marneffe, Marie-Catherine de and Manning, Christopher D.},
  title       = {Stanford typed dependencies manual},
  institution = {Stanford University},
  year = 2008
}

@inproceedings{Nivre:16,
  title     = {Universal dependencies v1: A multilingual treebank collection},
  booktitle = {Proceedings of the Tenth International Conference on Language Resources and Evaluation (LREC'16)},
  author    = {Nivre, Joakim and de Marneffe, Marie-Catherine and Ginter, Filip and Goldberg, Yoav and Hajic, Jan and
               Manning, Christopher D. and McDonald, Ryan T. and Petrov, Slav and Pyysalo, Sampo and Silveira, Natalia
               and Tsarfaty, Reut and Zeman, Daniel},
  year      = {2016}
}

@inproceedings{Schuster:16,
  title     = {Enhanced english universal dependencies: An improved representation for natural language understanding tasks},
  booktitle = {Proceedings of the Tenth International Conference on Language Resources and Evaluation (LREC'16)},
  author    = {Schuster, Sebastian and Manning, Christopher D.},
  year      = {2016}
}

@inproceedings{Nivre:20,
  title     = {Universal Dependencies v2: An evergrowing multilingual treebank collection},
  booktitle = {Proceedings of the Tenth International Conference on Language Resources and Evaluation (LREC'20)},
  author    = {Nivre, Joakim and de Marneffe, Marie-Catherine and Ginter, Filip and Hajic, Jan and Manning, Christopher D. and
               Pyysalo, Sampo and Schuster, Sebastian and Tyers, Francis M. and Zeman, Daniel},
  year      = {2020}
}

@inproceedings{Candito:17,
  title     = {Enhanced UD dependencies with neutralized diathesis alternation},
  booktitle = {Proceedings of the Depling 2017-Fourth International Conference on Dependency Linguistics},
  author    = {Candito, Marie and Guillaume, Bruno and Perrier, Guy and Seddah, Djamé},
  year      = {2017}
}

@inproceedings{Nivre:18,
  title     = {Enhancing universal dependency treebanks: A case study},
  booktitle = {Proceedings of the Second Workshop on Universal Dependencies (UDW 2018)},
  author    = {Nivre, Joakim and Marongiu, Paola and Ginter, Filip and Kanerva, Jenna and
               Montemagni, Simonetta and Schuster, Sebastian and Simi, Maria},
  year      = {2018}
}

@inproceedings{Tiktinsky:20,
  title     = {pyBART: Evidence-based syntactic transformations for IE},
  booktitle = {Proceedings of the 58th Annual Meeting of the Association for Computational Linguistics: System Demonstrations},
  author    = {Tiktinsky, Aryeh and Goldberg, Yoav and Tsarfaty, Reut},
  year      = {2020}
}

@article{Liu:02,
  author  = {刘丹青},
  title   = {汉语中的框式介词},
  journal = {当代语言学},
  year    = {2002},
  volume  = {4},
  pages   = {241-253+316}
}

@article{Nian:03,
  author  = {年玉萍},
  title   = {谈谈兼语句},
  journal = {延安教育学院学报},
  year    = {2003},
  volume  = {1},
  pages   = {40-42}
}

@book{Liu:01,
  title     = {实用现代汉语语法},
  author    = {刘月华 and 潘文娱 and 故韡},
  year      = {2001},
  publisher = {商务印书馆}
}

@article{Shao:19,
  author  = {邵艳秋 and 申资卓 and 刘世军},
  title   = {基于依存搭配抽取技术的平面媒体语言监测研究},
  journal = {山西大学学报:自然科学版},
  year    = {2019},
  number  = {42},
  volume  = {3},
  pages   = {526-533}
}

@article{Xiang:20,
  author  = {项威 and 王邦},
  title   = {中文事件抽取研究综述},
  journal = {计算机技术与发展},
  year    = {2020},
  number  = {20},
  volume  = {2},
  pages   = {1-6}
}

@phdthesis{Zhang:07,
  author  = {张素香},
  title   = {信息抽取中关键技术的研究},
  school  = {北京邮电大学},
  year    = {2007}
}
