@article{article_example,
  author  = {作者},
  title   = {题目},
  journal = {刊名（全称）},
  year    = {年},
  number  = {卷},
  volume  = {期},
  pages   = {页码}
}

@inproceedings{inproceedings_example,
  author    = {作者},
  title     = {文章题目},
  booktitle = {Proceedings of the ... （会议名称）},
  address   = {会议召开城市, 会议召开城市所在国家},
  year      = {年},
  pages     = {页码}
}

@incollection{incollection_example,
  author    = {作者},
  title     = {文章题目},
  editor    = {编者},
  booktitle = {文集标题},
  address   = {出版地},
  publisher = {出版社},
  year      = {出版年},
  pages     = {页码}
}

@book{book_example,
  author    = {作者},
  title     = {书名},
  edition   = {版次（初版不写）},
  address   = {出版社地点},
  publisher = {出版社},
  year      = {出版年}
}

@patent{patent_example,
  author = {专利拥有人},
  title  = {专利名称, 专利授权国家},
  date   = {专利授权日期}
}

@inproceedings{Nivre:16,
  title     = {Universal dependencies v1: A multilingual treebank collection},
  booktitle = {Proceedings of the Tenth International Conference on Language Resources and Evaluation (LREC'16)},
  author    = {Nivre, Joakim and de Marneffe, Marie-Catherine and Ginter, Filip and Goldberg, Yoav and Hajic, Jan and
               Manning, Christopher D. and McDonald, Ryan T. and Petrov, Slav and Pyysalo, Sampo and Silveira, Natalia
               and Tsarfaty, Reut and Zeman, Daniel},
  year      = {2016}
}

@inproceedings{Kong:22,
  title     = {Multitasking Framework for Unsupervised Simple Definition Generation},
  author    = {Kong, Cunliang and Chen, Yun and Zhang, Hengyuan and Yang, Liner and Yang, Erhong},
  booktitle = {Proceedings of the 60th Annual Meeting of the Association for Computational Linguistics (Volume 1: Long Papers)},
  pages     = {5934--5943},
  year      = {2022}
}

@article{Chong:23,
  title   = {MCTS: A Multi-Reference Chinese Text Simplification Dataset},
  author  = {Chong, Ruining and Lu, Luming and Yang, Liner and Nie, Jinran and Zhou, Shuhan and Li, Yaoxin and Yang, Erhong},
  journal = {arXiv preprint arXiv:2306.02796},
  year    = {2023}
}

@article{Xie:15,
  author = {谢晨晖 and 胡正升 and 杨麟儿 and 廖田昕 and 杨尔弘},
  title = {句式结构树库的自动构建研究},
  publisher = {中文信息学报},
  year = {2023},
  journal = {中文信息学报},
  volume = {37},
  number = {2},
  eid = {15},
  pages = {15-25},
}
